[gd_scene load_steps=31 format=2]

[ext_resource path="res://Creature2.tscn" type="PackedScene" id=1]
[ext_resource path="res://Fires.tscn" type="PackedScene" id=2]
[ext_resource path="res://Creature.gd" type="Script" id=6]
[ext_resource path="res://sounds/creature_step2.wav" type="AudioStream" id=7]
[ext_resource path="res://RandomPlayer.tscn" type="PackedScene" id=8]
[ext_resource path="res://sounds/creature_step1.wav" type="AudioStream" id=9]
[ext_resource path="res://sprites/noiseTexture.png" type="Texture" id=10]
[ext_resource path="res://sprites/alive32_11.png" type="Texture" id=11]
[ext_resource path="res://OrtVision.tscn" type="PackedScene" id=12]
[ext_resource path="res://sounds/fire.wav" type="AudioStream" id=14]

[sub_resource type="VisualShaderNodeScalarFunc" id=1]
function = 0

[sub_resource type="VisualShaderNodeScalarOp" id=2]
default_input_values = [ 0, 0.0, 1, 1.0 ]

[sub_resource type="VisualShaderNodeScalarOp" id=3]
default_input_values = [ 0, 0.0, 1, 100.0 ]
operator = 3

[sub_resource type="VisualShaderNodeScalarOp" id=4]
output_port_for_preview = 0

[sub_resource type="VisualShaderNodeScalarOp" id=5]
operator = 2

[sub_resource type="VisualShaderNodeScalarInterp" id=6]
default_input_values = [ 0, 0.4, 1, 1.0, 2, 0.5 ]

[sub_resource type="VisualShaderNodeScalarOp" id=7]
default_input_values = [ 0, 0.0, 1, 1.0 ]
operator = 5

[sub_resource type="VisualShaderNodeTexture" id=8]
output_port_for_preview = 0
source = 2

[sub_resource type="VisualShaderNodeTexture" id=9]
texture = ExtResource( 10 )

[sub_resource type="VisualShaderNodeVectorOp" id=10]
output_port_for_preview = 0
operator = 2

[sub_resource type="VisualShaderNodeScalarConstant" id=11]
constant = 0.5

[sub_resource type="VisualShaderNodeScalarUniform" id=12]
uniform_name = "CreatureHP"

[sub_resource type="VisualShaderNodeInput" id=13]
input_name = "time"

[sub_resource type="VisualShaderNodeScalarOp" id=14]
output_port_for_preview = 0
operator = 9

[sub_resource type="VisualShader" id=15]
code = "shader_type canvas_item;
uniform sampler2D tex_frg_3;
uniform float CreatureHP;



void vertex() {
// Output:0

}

void fragment() {
// Texture:2
	vec3 n_out2p0;
	float n_out2p1;
	{
		vec4 _tex_read = texture(TEXTURE , UV.xy);
		n_out2p0 = _tex_read.rgb;
		n_out2p1 = _tex_read.a;
	}

// Texture:3
	vec4 tex_frg_3_read = texture(tex_frg_3, UV.xy);
	vec3 n_out3p0 = tex_frg_3_read.rgb;
	float n_out3p1 = tex_frg_3_read.a;

// ScalarOp:16
	float n_in16p1 = 1.00000;
	float n_out16p0 = pow(dot(n_out3p0, vec3(0.333333, 0.333333, 0.333333)), n_in16p1);

// Input:8
	float n_out8p0 = TIME;

// ScalarFunc:10
	float n_out10p0 = sin(n_out8p0);

// ScalarOp:11
	float n_in11p1 = 1.00000;
	float n_out11p0 = n_out10p0 + n_in11p1;

// ScalarOp:12
	float n_in12p1 = 100.00000;
	float n_out12p0 = n_out11p0 / n_in12p1;

// ScalarUniform:7
	float n_out7p0 = CreatureHP;

// ScalarOp:13
	float n_out13p0 = n_out12p0 + n_out7p0;

// ScalarMix:15
	float n_in15p0 = 0.40000;
	float n_in15p1 = 1.00000;
	float n_out15p0 = mix(n_in15p0, n_in15p1, n_out13p0);

// ScalarOp:9
	float n_out9p0 = step(n_out16p0, n_out15p0);

// VectorOp:5
	vec3 n_out5p0 = n_out2p0 * vec3(n_out9p0);

// Output:0
	COLOR.rgb = n_out5p0;
	COLOR.a = n_out2p1;

}

void light() {
// Output:0

}
"
graph_offset = Vector2( -340.332, 382.793 )
mode = 1
flags/light_only = false
nodes/fragment/0/position = Vector2( 1020, 320 )
nodes/fragment/2/node = SubResource( 8 )
nodes/fragment/2/position = Vector2( -580, 0 )
nodes/fragment/3/node = SubResource( 9 )
nodes/fragment/3/position = Vector2( -620, 560 )
nodes/fragment/5/node = SubResource( 10 )
nodes/fragment/5/position = Vector2( 440, 340 )
nodes/fragment/6/node = SubResource( 11 )
nodes/fragment/6/position = Vector2( -420, 1060 )
nodes/fragment/7/node = SubResource( 12 )
nodes/fragment/7/position = Vector2( -400, 1200 )
nodes/fragment/8/node = SubResource( 13 )
nodes/fragment/8/position = Vector2( -700, 1720 )
nodes/fragment/9/node = SubResource( 14 )
nodes/fragment/9/position = Vector2( 680, 900 )
nodes/fragment/10/node = SubResource( 1 )
nodes/fragment/10/position = Vector2( -540, 1500 )
nodes/fragment/11/node = SubResource( 2 )
nodes/fragment/11/position = Vector2( -280, 1680 )
nodes/fragment/12/node = SubResource( 3 )
nodes/fragment/12/position = Vector2( 80, 1520 )
nodes/fragment/13/node = SubResource( 4 )
nodes/fragment/13/position = Vector2( -20, 1160 )
nodes/fragment/14/node = SubResource( 5 )
nodes/fragment/14/position = Vector2( 1020, 660 )
nodes/fragment/15/node = SubResource( 6 )
nodes/fragment/15/position = Vector2( 300, 1160 )
nodes/fragment/16/node = SubResource( 7 )
nodes/fragment/16/position = Vector2( 203.336, 882.993 )
nodes/fragment/connections = PoolIntArray( 2, 0, 5, 0, 5, 0, 0, 0, 8, 0, 10, 0, 10, 0, 11, 0, 11, 0, 12, 0, 12, 0, 13, 0, 9, 0, 5, 1, 2, 1, 14, 0, 9, 0, 14, 1, 7, 0, 13, 1, 2, 1, 0, 1, 13, 0, 15, 2, 15, 0, 9, 1, 3, 0, 16, 0, 16, 0, 9, 0 )

[sub_resource type="ShaderMaterial" id=16]
shader = SubResource( 15 )
shader_param/CreatureHP = 1.0

[sub_resource type="CircleShape2D" id=17]
radius = 13.0

[sub_resource type="Gradient" id=18]
offsets = PoolRealArray( 0, 0.648148, 1 )
colors = PoolColorArray( 1, 1, 1, 1, 1, 1, 1, 1, 1, 1, 1, 0 )

[sub_resource type="GradientTexture" id=19]
gradient = SubResource( 18 )

[sub_resource type="ParticlesMaterial" id=20]
flag_disable_z = true
spread = 180.0
gravity = Vector3( 0, 0, 0 )
initial_velocity = 45.98
initial_velocity_random = 0.16
orbit_velocity = 0.0
orbit_velocity_random = 0.0
damping = 47.7
damping_random = 0.04
color_ramp = SubResource( 19 )

[node name="Creature" type="Node2D" groups=[
"creature",
"turn-based",
]]
material = SubResource( 16 )
position = Vector2( 40, 40 )
z_index = 12
z_as_relative = false
script = ExtResource( 6 )

[node name="View" parent="." instance=ExtResource( 1 )]
position = Vector2( 0, 0 )
health = 1.0

[node name="Area2D" type="Area2D" parent="."]
collision_layer = 32
collision_mask = 47

[node name="CollisionShape2D" type="CollisionShape2D" parent="Area2D"]
shape = SubResource( 17 )

[node name="RayCast2D" type="RayCast2D" parent="."]
position = Vector2( -8, -8 )
cast_to = Vector2( 0, 24 )
collision_mask = 2
collide_with_areas = true

[node name="RayCast2D2" type="RayCast2D" parent="."]
position = Vector2( -8, 8 )
cast_to = Vector2( 0, 24 )
collision_mask = 2
collide_with_areas = true

[node name="RayCast2D4" type="RayCast2D" parent="."]
position = Vector2( 8, -8 )
cast_to = Vector2( 0, 24 )
collision_mask = 2
collide_with_areas = true

[node name="RayCast2D3" type="RayCast2D" parent="."]
position = Vector2( 8, 8 )
cast_to = Vector2( 0, 24 )
collision_mask = 2
collide_with_areas = true

[node name="Tween" type="Tween" parent="."]

[node name="Step" parent="." instance=ExtResource( 8 )]
timeout = 1.0

[node name="AudioStreamPlayer2D" type="AudioStreamPlayer2D" parent="Step"]
stream = ExtResource( 9 )

[node name="AudioStreamPlayer2D2" type="AudioStreamPlayer2D" parent="Step"]
stream = ExtResource( 7 )

[node name="DropBlood" type="Timer" parent="."]
wait_time = 0.2
autostart = true

[node name="Death" type="Particles2D" parent="."]
emitting = false
amount = 16
one_shot = true
explosiveness = 1.0
process_material = SubResource( 20 )
texture = ExtResource( 11 )

[node name="OrtVision" parent="." instance=ExtResource( 12 )]
z_index = 11
z_as_relative = false
radius = 24
size = 2
vision_color = Color( 1, 1, 1, 0 )
reduce_vision = false

[node name="AfterFireTimer" type="Timer" parent="."]
wait_time = 0.5
one_shot = true

[node name="CameraTween" type="Tween" parent="."]

[node name="Fire" type="AudioStreamPlayer2D" parent="."]
stream = ExtResource( 14 )

[node name="Fires" parent="." instance=ExtResource( 2 )]
[connection signal="area_entered" from="Area2D" to="." method="_on_Area2D_area_entered"]
[connection signal="area_exited" from="Area2D" to="." method="_on_Area2D_area_exited"]
[connection signal="tween_all_completed" from="Tween" to="." method="_on_Tween_tween_all_completed"]
[connection signal="tween_step" from="Tween" to="." method="_on_Tween_tween_step"]
[connection signal="timeout" from="DropBlood" to="." method="_on_DropBlood_timeout"]
[connection signal="area_entered" from="OrtVision" to="." method="_on_OrtVision_area_entered"]
[connection signal="timeout" from="AfterFireTimer" to="." method="_on_AfterFireTimer_timeout"]
